<?xml version="1.0" encoding="UTF-8"?><collection><record><leader>03043ntm a2200433 a 4500</leader><controlfield tag="001">002576834</controlfield><controlfield tag="003">MiAaHDL</controlfield><controlfield tag="005">20190719000000.0</controlfield><controlfield tag="006">m        d        </controlfield><controlfield tag="007">cr bn ---auaua</controlfield><controlfield tag="008">921116s1806    xx            00||  ara d</controlfield><datafield tag="035" ind1=" " ind2=" "><subfield code="a">(MiU)002576834</subfield></datafield><datafield tag="035" ind1=" " ind2=" "><subfield code="a">sdr-miu002576834</subfield></datafield><datafield tag="035" ind1=" " ind2=" "><subfield code="a">(OCoLC)34365280</subfield></datafield><datafield tag="035" ind1=" " ind2=" "><subfield code="a">(RLIN)MIUH92-A26</subfield></datafield><datafield tag="040" ind1=" " ind2=" "><subfield code="a">MiU</subfield><subfield code="c">MiU</subfield><subfield code="e">appm</subfield><subfield code="d">MiU</subfield></datafield><datafield tag="100" ind1="1" ind2=" "><subfield code="6">880-01</subfield><subfield code="a">Sujāʻī, Aḥmad ibn Aḥmad,</subfield><subfield code="d">-1783?</subfield></datafield><datafield tag="240" ind1="1" ind2="0"><subfield code="6">880-02</subfield><subfield code="a">Hidāyat ūlī al-baṣāʾir wa-al-abṣār ilá maʻrifat ajzā al-layl wa-al-nahār</subfield></datafield><datafield tag="245" ind1="1" ind2="0"><subfield code="6">880-03</subfield><subfield code="a">Hādhā kitāb hidāyat ūlī al-baṣāʾir wa-al-abṣār ilá maʻrifat ajzā al-layl wa-al-nahār :</subfield><subfield code="k">manuscript,</subfield><subfield code="f">[1806] /</subfield><subfield code="c">taʾlīf sayyidī Aḥmad al-Sujāʻī.</subfield></datafield><datafield tag="300" ind1=" " ind2=" "><subfield code="a">1</subfield><subfield code="f">v. ([54] p.) ;</subfield><subfield code="c">23 cm.</subfield></datafield><datafield tag="500" ind1=" " ind2=" "><subfield code="a">Text rubricated; corrections and marginal notes in hand of copyist and others.</subfield></datafield><datafield tag="500" ind1=" " ind2=" "><subfield code="a">Date and name of copyist in colophon: wāfaqa al-farāgh min taʻlīq hādhihi al-risālah fī ʻashar shahr Shawwāl sanat 1220 ʻalá yad al-faqīr Aḥmad ibn Muḥammad ibn Ibrāhīm [1 January 1806].</subfield></datafield><datafield tag="500" ind1=" " ind2=" "><subfield code="a">For a later copy of this text, see Mich. Isl. Ms. 814,1.</subfield></datafield><datafield tag="510" ind1="4" ind2=" "><subfield code="a">GAL,</subfield><subfield code="c">v. II, p. 422-423; King, Survey, p. 113.</subfield></datafield><datafield tag="520" ind1=" " ind2=" "><subfield code="a">"A commentary on a poem on timekeeping by Aḥmad ʻAyyād." David A. King, A Survey of the Scientific Manuscripts in the Egyptian National Library (Winona Lake, 1986), p. 113.</subfield></datafield><datafield tag="538" ind1=" " ind2=" "><subfield code="a">Mode of access: Internet.</subfield></datafield><datafield tag="541" ind1=" " ind2=" "><subfield code="d">11/13/34</subfield><subfield code="3">Manuscript</subfield><subfield code="a">History of Science, Meyerhof 29733</subfield><subfield code="c">Purchase, 1934</subfield><subfield code="h">15 p.t.</subfield></datafield><datafield tag="561" ind1=" " ind2=" "><subfield code="a">Purchased in Cairo, 1933/34. Owners' marks: on p. [1], owner's autograph: dakhalat fī milk al-faqīr ilá Allāh taʻālá Muḥammad Muṣṭafá Sāq[?]....; on p. [1], manuscript notes in handwriting of Max Meyerhof.</subfield></datafield><datafield tag="600" ind1="1" ind2="4"><subfield code="6">880-04</subfield><subfield code="a">ʻAyyād al-Maḥallī, Aḥmad ibn Muḥammad,</subfield><subfield code="d">17th or 18th cents.</subfield><subfield code="t">Manẓūmah fī fann al-mīqāt.</subfield></datafield><datafield tag="650" ind1=" " ind2="0"><subfield code="a">Horology</subfield><subfield code="y">Early works to 1800.</subfield></datafield><datafield tag="650" ind1=" " ind2="0"><subfield code="a">Astronomy, Arab</subfield><subfield code="y">Early works to 1800.</subfield></datafield><datafield tag="650" ind1=" " ind2="0"><subfield code="a">Manuscripts, Arabic</subfield><subfield code="z">Michigan</subfield><subfield code="z">Ann Arbor.</subfield></datafield><datafield tag="700" ind1="1" ind2="0"><subfield code="6">880-05</subfield><subfield code="a">ʻAyyād al-Maḥallī, Aḥmad ibn Muḥammad,</subfield><subfield code="d">17th or 18th cents.</subfield><subfield code="t">Manẓūmah fī fann al-mīqāt.</subfield></datafield><datafield tag="700" ind1="1" ind2=" "><subfield code="a">Meyerhof, Max,</subfield><subfield code="d">1874-1945,</subfield><subfield code="e">former owner.</subfield></datafield><datafield tag="773" ind1="0" ind2=" "><subfield code="a">Tracy W. McGregor Collection of Arabic, Persian, and Turkish Mathematical and Astronomical Manuscripts.</subfield><subfield code="7">unbc</subfield><subfield code="w">(CStRLIN)MIUH92-A20.</subfield></datafield><datafield tag="880" ind1="0" ind2="0"><subfield code="6">700-05/</subfield><subfield code="a">أحمد بن محمد عياد المحلي.</subfield><subfield code="t">منظومة في فن الميقات.</subfield></datafield><datafield tag="880" ind1="0" ind2="4"><subfield code="6">600-04/</subfield><subfield code="a">أحمد بن محمد عياد المحلي.</subfield><subfield code="t">منظومة في فن الميقات.</subfield></datafield><datafield tag="880" ind1="1" ind2="0"><subfield code="6">245-03/</subfield><subfield code="a">هذه كتاب هداية أولي البصائر والأبصار الى معرفة أجزا الليل والنهار :</subfield><subfield code="k">manuscript،</subfield><subfield code="f">[1806] /</subfield><subfield code="c">تأليف سيدي أحمد السجاعي.</subfield></datafield><datafield tag="880" ind1="1" ind2="0"><subfield code="6">240-02/</subfield><subfield code="a">هداية أولي البصائر والأبصار الى معرفة أجزا الليل والنهار</subfield></datafield><datafield tag="880" ind1="0" ind2=" "><subfield code="6">100-01/</subfield><subfield code="a">أحمد بن أحمد السجاعي.</subfield></datafield><datafield tag="CID" ind1=" " ind2=" "><subfield code="a">002576834</subfield></datafield><datafield tag="DAT" ind1="0" ind2=" "><subfield code="a">20190719102632.0</subfield><subfield code="b">20190719000000.0</subfield></datafield><datafield tag="DAT" ind1="1" ind2=" "><subfield code="a">20190719090653.0</subfield><subfield code="b">2019-07-19T16:10:36Z</subfield></datafield><datafield tag="DAT" ind1="2" ind2=" "><subfield code="a">2015-10-02T18:00:03Z</subfield></datafield><datafield tag="CAT" ind1=" " ind2=" "><subfield code="a">SDR-MIU</subfield><subfield code="d">EX LIBRIS - ALEPH</subfield><subfield code="l">prepare.pl-004-008</subfield></datafield><datafield tag="FMT" ind1=" " ind2=" "><subfield code="a">BK</subfield></datafield><datafield tag="HOL" ind1=" " ind2=" "><subfield code="0">sdr-miu002576834</subfield><subfield code="a">MiU</subfield><subfield code="b">SDR</subfield><subfield code="c">MIU</subfield><subfield code="p">mdp.39015081446604</subfield><subfield code="s">MIU</subfield><subfield code="1">002576834</subfield></datafield><datafield tag="974" ind1=" " ind2=" "><subfield code="b">MIU</subfield><subfield code="c">MIU</subfield><subfield code="d">20190719</subfield><subfield code="s">lit-dlps-dc</subfield><subfield code="u">mdp.39015081446604</subfield><subfield code="y">1806</subfield><subfield code="r">pd</subfield><subfield code="q">bib</subfield><subfield code="t">non-US bib date1 &lt; 1879</subfield></datafield></record></collection>